


% Introduction

%---------------- Introduction -- Block partitioning --------------

@article{H.265,
	title={Overview of the high efficiency video coding(HEVC) standard},
	author={Sullivan, Gary J and Ohm, Jens-Rainer and Han, Woo-Jin and Wiegand, Thomas and others},
	journal={IEEE Transactions on circuits and systems for video technology},
	volume={22},
	number={12},
	pages={1649--1668},
	year={2012},
	publisher={Institute of Electrical and Electronics Engineers, Inc., 3 Park Avenue, 17 th Fl New York NY 10016-5997 United States}
}

@article{chan1990variable,
	title={Variable size block matching motion compensation with applications to video coding},
	author={Chan, MH and Yu, YB and Constantinides, AG},
	journal={IEE Proceedings I (Communications, Speech and Vision)},
	volume={137},
	number={4},
	pages={205--212},
	year={1990},
	month = {Aug},
	publisher={IET}
}


% Book

@book{han2011data,
	title={Data mining: concepts and techniques},
	author={Han, Jiawei and Pei, Jian and Kamber, Micheline},
	year={2011},
	publisher={Elsevier}
}

@misc{svensen2007pattern,
	title={Pattern recognition and machine learning},
	author={Svens{\'e}n, Markus and Bishop, Christopher M},
	year={2007},
	publisher={Springer}
}

@book{tan2018introduction,
	title={Introduction to data mining},
	author={Tan, Pang-Ning},
	year={2018},
	publisher={Pearson Education India}
}

@book{richardson2011h,
	title={The H. 264 advanced video compression standard},
	author={Richardson, Iain E},
	year={2011},
	publisher={John Wiley \& Sons}
}

% AV1 Related

@misc{AV1,
	title = {{Alliance for Open Media, “AOMedia Video 1 (AV1)
	2018”}},
	howpublished = {[Online], Available: https://aomedia.org/},
}

% HM Related

@misc{HM,
	title = {{HM Reference Software for  High Efficiency Visdeo Coding (HEVC)}},
	howpublished = {[Online], Available: https://hevc.hhi.fraunhofer.de/},
}

@article{bossen2013common,
	title={Common test conditions and software reference configurations},
	author={Bossen, Frank and others},
	journal={JCTVC-L1100},
	volume={12},
	year={2013}
}


@article{bjontegaard2001calculation,
	title={Calculation of average PSNR differences between RD-curves},
	author={Bjontegaard, Gisle},
	journal={VCEG-M33},
	year={2001}
}

%%%% BBC -----------------------

@inproceedings{westland2019decision,
	title={Decision trees for complexity reduction in video compression},
	author={Westland, Natasha and Dias, Andr{\'e} Seixas and Mrak, Marta},
	booktitle={2019 IEEE International Conference on Image Processing (ICIP)},
	pages={2666--2670},
	year={2019},
	organization={IEEE}
}

% D-Tree
@misc{breiman1984classification,
	title={Classification and 715 Regression Trees, The Wadsworth and Brooks-Cole statistics-probability series},
	author={Breiman, L and Friedman, J and Stone, CJ and Olshen, RA},
	year={1984},
	publisher={Taylor \& Francis}
}


@inproceedings{heindel2016fast,
	title={Fast CU split decisions for HEVC inter coding using support vector machines},
	author={Heindel, Andreas and Haubner, Thomas and Kaup, Andr{\'e}},
	booktitle={2016 Picture Coding Symposium (PCS)},
	pages={1--5},
	year={2016},
	organization={IEEE}
}

@article{zhang2015machine,
	title={Machine learning-based coding unit depth decisions for flexible complexity allocation in high efficiency video coding},
	author={Zhang, Yun and Kwong, Sam and Wang, Xu and Yuan, Hui and Pan, Zhaoqing and Xu, Long},
	journal={IEEE Transactions on Image Processing},
	volume={24},
	number={7},
	pages={2225--2238},
	year={2015},
	publisher={IEEE}
}

@inproceedings{papadopoulos2016adaptive,
	title={An adaptive QP offset determination method for HEVC},
	author={Papadopoulos, Miltiadis Alexios and Zhang, Fan and Agrafiotis, Dimitris and Bull, David},
	booktitle={2016 IEEE International Conference on Image Processing (ICIP)},
	pages={4220--4224},
	year={2016},
	organization={IEEE}
}


%%%%% SVM Paper

@article{kim2012block,
	title={Block partitioning structure in the HEVC standard},
	author={Kim, Il-Koo and Min, Junghye and Lee, Tammy and Han, Woo-Jin and Park, JeongHoon},
	journal={IEEE transactions on circuits and systems for video technology},
	volume={22},
	number={12},
	pages={1697--1706},
	year={2012},
	publisher={IEEE}
}

@article{vanne2014efficient,
	title={Efficient mode decision schemes for HEVC inter prediction},
	author={Vanne, Jarno and Viitanen, Marko and H{\"a}m{\"a}l{\"a}inen, Timo D},
	journal={IEEE Transactions on Circuits and Systems for Video Technology},
	volume={24},
	number={9},
	pages={1579--1593},
	year={2014},
	publisher={IEEE}
}

@inproceedings{heindel2015fast,
	title={Fast intra mode decision in HEVC using early distortion estimation},
	author={Heindel, Andreas and Kaup, Andr{\'e}},
	booktitle={2015 IEEE China Summit and International Conference on Signal and Information Processing (ChinaSIP)},
	pages={559--563},
	year={2015},
	organization={IEEE}
}

@article{choi2011coding,
	title={Coding tree pruning based CU early termination},
	author={Choi, Kiho and Park, Sang-Hyo and Jang, Euee S},
	journal={JCT-VC document, JCTVC-F092},
	year={2011}
}

@article{gweon2012early,
	title={Early termination of CU encoding to reduce HEVC complexity},
	author={Gweon, Ryeong-hee and Lee, Yung-Lyul},
	journal={IEICE Transactions on Fundamentals of Electronics, Communications and Computer Sciences},
	volume={95},
	number={7},
	pages={1215--1218},
	year={2012},
	publisher={The Institute of Electronics, Information and Communication Engineers}
}

@article{yang2011early,
	title={Early SKIP detection for HEVC},
	author={Yang, J and Kim, J and Won, K and Lee, H and Jeon, B},
	journal={document JCTVC-G543},
	year={2011}
}


